@inproceedings{rubleeorb,
  Title = {ORB: an efficient alternative to SIFT or SURF},
  Author = {Rublee, E. and Rabaud, V. and Konolige, K. and Bradski, G.},
  Booktitle = {International Conference on Computer Vision},
  Year = {2011},
}

@inproceedings{petrovskaya2009a,
title = {Model Based Vehicle Detection and Tracking for Autonomous Urban Driving},
author = {Anna Petrovskaya and Sebastian Thrun},
booktitle = {Autonomous Robots},
year = {2009},
annote = {
Anya's tracking paper.
},
file = {home/teichman/sync/papers/pdf/petrovskaya2009a.pdf},
}



