@inproceedings{rubleeorb,
  Title = {ORB: an efficient alternative to SIFT or SURF},
  Author = {Rublee, E. and Rabaud, V. and Konolige, K. and Bradski, G.},
  Booktitle = {International Conference on Computer Vision},
  Year = {2011}
}
